@inproceedings{2019EPJWC,
    author = {Jim Pivarski and Jaydeep Nandi and David Lange and Peter Elmer},
    title = "{Columnar data processing for HEP analysis}",
    booktitle = {European Physical Journal Web of Conferences},
    year = "2019"
}

@article{awkward,
    author = {Jim Pivarski et al.},
    title = {awkward-array [software]},
    url = {https://github.com/scikit-hep/awkward-array},
    doi = {https://dx.doi.org/10.5281/zenodo.2638127},
    journal = "[https://github.com/scikit-hep/awkward-array]",
    year = "2018",
}

@article{uproot,
    author = {Jim Pivarski et al.},
    title = {uproot [software]},
    url = {https://github.com/scikit-hep/uproot},
    doi = {https://dx.doi.org/10.5281/zenodo.1173083},
    journal = "[https://github.com/scikit-hep/uproot]",
    year = "2017"
}

@article{root,
    author         = "Brun, R. and Rademakers, F.",
    title          = "{ROOT: An object oriented data analysis framework}",
    booktitle      = "{New computing techniques in physics research V.
                      Proceedings, 5th International Workshop, AIHENP '96,
                      Lausanne, Switzerland, September 2-6, 1996}",
    journal        = "Nucl. Instrum. Meth.",
    volume         = "A389",
    year           = "1997",
    pages          = "81-86",
    doi            = "10.1016/S0168-9002(97)00048-X",
    SLACcitation   = "%%CITATION = NUIMA,A389,81;%%"
}

@article{coffea,
    author = {Nick Smith and Lindsey Gray and Matteo Cremonisi and Bo Jayatilaka and Oliver Gutsche and Allison Hall and Kevin Pedro (Fermilab) and Andrew Melo (Vanderbilt)},
    title = {Coffea: the case for columnar analysis [presentation]},
    url = {https://indico.cern.ch/event/759388/contributions/3356303/},
    journal = {{HOW: HSF, OSG, WLCG workshop}},
    month = "March",
    year = "2019"
}

@article{zpeak,
    author = {Nick Smith},
    title = {[analysis examples]},
    journal = "[https://github.com/nsmith-/coffea/tree/master/notebooks]",
    month = "April",
    year = "2019"
}

@inproceedings{nanoaod,
    author = {Andrea Rizzi and Giovanni Petrucciani},
    title = {{A further reduction in CMS event data for analysis: the NANOAOD format}},
    booktitle = {European Physical Journal Web of Conferences},
    year = "2019"
}
